\begin{filecontents}
@article{ref01,
	title={How I created the theory of relativity},
	author={Einstein, Albert},
	journal={Physics today},
	volume={35},
	number={8},
	pages={45--47},
	year={1982}
}

@book{ref02,
	title={Hawking on the big bang and black holes},
	author={Hawking, Stephen W},
	volume={8},
	year={1993},
	publisher={World Scientific}
}

@article{maqbool2015evaluating,
	title={Evaluating ARM HPC clusters for scientific workloads},
	author={Maqbool, Jahanzeb and Oh, Sangyoon and Fox, Geoffrey C},
	journal={Concurrency and Computation: Practice and Experience},
	volume={27},
	number={17},
	pages={5390--5410},
	year={2015},
	publisher={Wiley Online Library}
}

\end{filecontents}